@misc{glisc,
	author={{Grey Literature International Steering Committee}},
	title={{GLISC}},
	month={oct},
	year={2014},
	note = "[Online; acedido em Outubro 2014]"
}

@misc{python,
	author={{Wikipédia}},
	title={Python},
	url = {https://pt.wikipedia.org/wiki/Python},
	note = "[Online; acedido em 23 de Abril de 2019]"
}

@misc{brandwidth,
	author={{Wikipédia}},
	title={Brandwidth},
	url = {https://en.wikipedia.org/wiki/Bandwidth_(computing)},
	note = "[Online; acedido em 23 de Abril de 2019]"
}

@misc{ping,
	author={{Wikipédia}},
	title={Ping},
	url = {https://pt.wikipedia.org/wiki/Ping},
	note = "[Online; acedido em 23 de Abril de 2019]"
}

@misc{tcp,
	author={{Wikipédia}},
	title={TCP},
	url = {https://pt.wikipedia.org/wiki/Transmission_Control_Protocol},
	note = "[Online; acedido em 23 de Abril de 2019]"
}
@misc{pythonorg,
	author={{Python Software Foundation}},
	title={Python Software Foundation},
	url = {https://www.python.org/psf/l},
	note = "[Online; acedido em 23 de Abril de 2019]"
}